@inproceedings{dorok2015relational,
  title={The Relational Way To Dam The Flood Of Genome Data.},
  author={Dorok, Sebastian},
  booktitle={SIGMOD PhD Symposium},
  pages={9--13},
  year={2015}
}

@inproceedings{dorok2015plants,
  title={Flexible Analysis of Plant Genomes in a Database Management System.},
  author={Dorok, Sebastian and Bre{\ss}, Sebastian and Teubner, Jens and Saake, Gunter},
  booktitle={EDBT},
  pages={509--512},
  year={2015}
}

@inproceedings{dorok2014variant,
  title={Toward efficient variant calling inside main-memory database systems},
  author={Dorok, Sebastian and Bre{\ss}, Sebastian and Saake, Gunter},
  booktitle={Database and Expert Systems Applications (DEXA), 2014 25th International Workshop on},
  pages={41--45},
  year={2014},
  organization={IEEE}
}

@article{rohm2009data,
  title={Data management for high-throughput genomics},
  author={R{\"o}hm, Uwe and Blakeley, Jose},
  journal={arXiv preprint arXiv:0909.1764},
  year={2009}
}

@article{bouffard2010damming,
  title={Damming the genomic data flood using a comprehensive analysis and storage data structure},
  author={Bouffard, Marc and Phillips, Michael S and Brown, Andrew MK and Marsh, Sharon and Tardif, Jean-Claude and van Rooij, Tibor},
  journal={Database},
  volume={2010},
  pages={baq029},
  year={2010},
  publisher={Oxford University Press}
}

@article{mitha2011snppy,
  title={SNPpy-database management for SNP data from Genome wide association studies},
  author={Mitha, Faheem and Herodotou, Herodotos and Borisov, Nedyalko and Jiang, Chen and Yoder, Josh and Owzar, Kouros},
  journal={PloS one},
  volume={6},
  number={10},
  pages={e24982},
  year={2011},
  publisher={Public Library of Science}
}

@article{shah2005atlas,
  title={Atlas--a data warehouse for integrative bioinformatics},
  author={Shah, Sohrab P and Huang, Yong and Xu, Tao and Yuen, Macaire MS and Ling, John and Ouellette, BF Francis},
  journal={BMC bioinformatics},
  volume={6},
  number={1},
  pages={1},
  year={2005},
  publisher={BioMed Central}
}

@article{lee2006biowarehouse,
  title={BioWarehouse: a bioinformatics database warehouse toolkit},
  author={Lee, Thomas J and Pouliot, Yannick and Wagner, Valerie and Gupta, Priyanka and Stringer-Calvert, David WJ and Tenenbaum, Jessica D and Karp, Peter D},
  journal={BMC bioinformatics},
  volume={7},
  number={1},
  pages={1},
  year={2006},
  publisher={BioMed Central}
}

@article{layer2016efficient,
  title={Efficient genotype compression and analysis of large genetic-variation data sets},
  author={Layer, Ryan M and Kindlon, Neil and Karczewski, Konrad J and Quinlan, Aaron R and Exome Aggregation Consortium and others},
  journal={Nature methods},
  volume={13},
  number={1},
  pages={63--65},
  year={2016},
  publisher={Nature Publishing Group}
}

@misc{DNAappstore,
  title = {{DNA App Store}:
An online store for information about your genes will make it cheap and easy to learn more about your health risks and predispositions.},
  howpublished = {\url{https://www.technologyreview.com/s/600769/10-breakthrough-technologies-2016-dna-app-store/}},
  note = {Accessed: 2016-04-29}
}

@misc{genomicsDB,
  title = {{GenomicsDB} is built on top of the TileDB system. Variant data is sparse by nature (sparse relative to the whole genome) and hence TileDB is a perfect fit for storing such data.},
  howpublished = {\url{https://github.com/Intel-HLS/GenomicsDB/wiki}},
  note = {Accessed: 2016-05-06}
}

@article{codd1970relational,
  title={A relational model of data for large shared data banks},
  author={Codd, Edgar F},
  journal={Communications of the ACM},
  volume={13},
  number={6},
  pages={377--387},
  year={1970},
  publisher={ACM}
}

@misc{tileDB,
  title = {{TileDB} is a new system for efficient management of scientific data, i.e., of massive quantities of data that are naturally represented by multi-dimensional arrays},
  howpublished = {\url{https://github.com/Intel-HLS/TileDB/wiki}},
  note = {Accessed: 2016-05-06}
}
